@article{DEG,
  title={Microarrays, deep sequencing and the true measure of the transcriptome},
  author={Malone, John H and Oliver, Brian},
  journal={BMC biology},
  volume={9},
  number={1},
  pages={34},
  year={2011},
  publisher={BioMed Central}
}

@article{Khatri2012,
  title={Ten years of pathway analysis: current approaches and outstanding challenges},
  author={Khatri, Purvesh and Sirota, Marina and Butte, Atul J},
  journal={PLoS computational biology},
  volume={8},
  number={2},
  pages={e1002375},
  year={2012},
  publisher={Public Library of Science}
}


@article{Kegg,
  title={KEGG: kyoto encyclopedia of genes and genomes},
  author={Kanehisa, Minoru and Goto, Susumu},
  journal={Nucleic acids research},
  volume={28},
  number={1},
  pages={27--30},
  year={2000},
  publisher={Oxford University Press}
}

@article{Reactome,
  title={Reactome: A database of biological pathways},
  author={Croft, David},
  year={2010},
  publisher={Nature Publishing Group}
}

@article{Reactome2,
  title={The Reactome pathway knowledgebase},
  author={Fabregat, Antonio and Jupe, Steven and Matthews, Lisa and Sidiropoulos, Konstantinos and Gillespie, Marc and Garapati, Phani and Haw, Robin and Jassal, Bijay and Korninger, Florian and May, Bruce and others},
  journal={Nucleic acids research},
  volume={46},
  number={Database issue},
  pages={D649},
  year={2018},
  publisher={Oxford University Press}
}


@article{Campos,
  title={Pathway analysis: state of the art},
  author={Garc{\'\i}a-Campos, Miguel A and Espinal-Enr{\'\i}quez, Jes{\'u}s and Hern{\'a}ndez-Lemus, Enrique},
  journal={Frontiers in physiology},
  volume={6},
  pages={383},
  year={2015},
  publisher={Frontiers}
}

@article{Bayer,
  title={Comparative study on gene set and pathway topology-based enrichment methods},
  author={Bayerlov{\'a}, Michaela and Jung, Klaus and Kramer, Frank and Klemm, Florian and Bleckmann, Annalen and Bei{\ss}barth, Tim},
  journal={BMC bioinformatics},
  volume={16},
  number={1},
  pages={334},
  year={2015},
  publisher={BioMed Central}
}

@techreport{Hartung,
  title={A note on combining dependent tests of significance},
  author={Hartung, Joachim},
  year={1998},
  institution={Technical Report, SFB 475: Komplexit{\"a}tsreduktion in Multivariaten Datenstrukturen, Universit{\"a}t Dortmund}
}

@article{Prins,
  title={Ebola virus protein VP35 impairs the function of interferon regulatory factor-activating kinases IKK$\varepsilon$ and TBK-1},
  author={Prins, Kathleen C and C{\'a}rdenas, Washington B and Basler, Christopher F},
  journal={Journal of virology},
  volume={83},
  number={7},
  pages={3069--3077},
  year={2009},
  publisher={Am Soc Microbiol}
}

@article{Konde,
  title={Interferon $\beta$-1a for the treatment of Ebola virus disease: A historically controlled, single-arm proof-of-concept trial},
  author={Konde, Mandy Kader and Baker, Darren P and Traore, Fode Amara and Sow, Mamadou Saliou and Camara, Alioune and Mara, Doussou and Barry, Abdoulaye and Kaba, Ibrahima and Richard, Amento Ablam and Beavogui, Abdoul Habib and others},
  journal={PloS one},
  volume={12},
  number={2},
  pages={e0169255},
  year={2017},
  publisher={Public Library of Science}
}

@article{Rhein,
  title={Interferon-$\gamma$ inhibits Ebola virus infection},
  author={Rhein, Bethany A and Powers, Linda S and Rogers, Kai and Anantpadma, Manu and Singh, Brajesh K and Sakurai, Yasuteru and Bair, Thomas and Miller-Hunt, Catherine and Sinn, Patrick and Davey, Robert A and others},
  journal={PLoS pathogens},
  volume={11},
  number={11},
  pages={e1005263},
  year={2015},
  publisher={Public Library of Science}
}

@article{Falasca,
  title={Molecular mechanisms of Ebola virus pathogenesis: focus on cell death},
  author={Falasca, L and Agrati, C and Petrosillo, N and Di Caro, A and Capobianchi, MR and Ippolito, G and Piacentini, M},
  journal={Cell death and differentiation},
  volume={22},
  number={8},
  pages={1250},
  year={2015},
  publisher={Nature Publishing Group}
}

@article{Cardenas,
  title={Ebola virus VP35 protein binds double-stranded RNA and inhibits alpha/beta interferon production induced by RIG-I signaling},
  author={C{\'a}rdenas, Washington B and Loo, Yueh-Ming and Gale, Michael and Hartman, Amy L and Kimberlin, Christopher R and Mart{\'\i}nez-Sobrido, Luis and Saphire, Erica Ollmann and Basler, Christopher F},
  journal={Journal of virology},
  volume={80},
  number={11},
  pages={5168--5178},
  year={2006},
  publisher={Am Soc Microbiol}
}

@article{Olejnik,
  title={Ebolaviruses associated with differential pathogenicity induce distinct host responses in human macrophages},
  author={Olejnik, Judith and Forero, Adriana and Deflub{\'e}, Laure R and Hume, Adam J and Manhart, Whitney A and Nishida, Andrew and Marzi, Andrea and Katze, Michael G and Ebihara, Hideki and Rasmussen, Angela L and others},
  journal={Journal of virology},
  volume={91},
  number={11},
  pages={e00179--17},
  year={2017},
  publisher={Am Soc Microbiol}
}

@article{Dilley,
  title={The Ebola virus VP35 protein binds viral immunostimulatory and host RNAs identified through deep sequencing},
  author={Dilley, Kari A and Voorhies, Alexander A and Luthra, Priya and Puri, Vinita and Stockwell, Timothy B and Lorenzi, Hernan and Basler, Christopher F and Shabman, Reed S},
  journal={PloS one},
  volume={12},
  number={6},
  pages={e0178717},
  year={2017},
  publisher={Public Library of Science}
}


@article{Michalak,
  title={Coexpression, coregulation, and cofunctionality of neighboring genes in eukaryotic genomes},
  author={Michalak, Pawel},
  journal={Genomics},
  volume={91},
  number={3},
  pages={243--248},
  year={2008},
  publisher={Elsevier}
}

@article{Cyto,
  title={Cytoscape: a software environment for integrated models of biomolecular interaction networks},
  author={Shannon, Paul and Markiel, Andrew and Ozier, Owen and Baliga, Nitin S and Wang, Jonathan T and Ramage, Daniel and Amin, Nada and Schwikowski, Benno and Ideker, Trey},
  journal={Genome research},
  volume={13},
  number={11},
  pages={2498--2504},
  year={2003},
  publisher={Cold Spring Harbor Lab}
}


@misc{Cytokegg,
  author = { Villaveces, Jos√© M.  and Habermann, Bianca},
  title = {{CytoKegg 1.0.1}},
  howpublished = "\url{http://apps.cytoscape.org/apps/cytokegg}",
  year = {2016},
  note = "[Online; accessed 19-Februar-2018]"
}

@article{Tarca,
  title={A novel signaling pathway impact analysis},
  author={Tarca, Adi Laurentiu and Draghici, Sorin and Khatri, Purvesh and Hassan, Sonia S and Mittal, Pooja and Kim, Jung-sun and Kim, Chong Jai and Kusanovic, Juan Pedro and Romero, Roberto},
  journal={Bioinformatics},
  volume={25},
  number={1},
  pages={75--82},
  year={2008},
  publisher={Oxford University Press}
}

@misc{StringApp,
  author = {Morris, John and Jensen, Lars Juhl and Doncheva, Nadezhda T.},
  title = {{stringApp 1.3.0}},
  howpublished = "\url{http://apps.cytoscape.org/apps/stringapp}",
  year = {2018},
  note = "[Online; accessed 19-Februar-2018]"
}

@article{Veljkovic,
  title={In silico analysis suggests interaction between Ebola virus and the extracellular matrix},
  author={Veljkovic, Veljko and Glisic, Sanja and Muller, Claude P and Scotch, Matthew and Branch, Donald R and Perovic, Vladimir R and Sencanski, Milan and Veljkovic, Nevena and Colombatti, Alfonso},
  journal={Frontiers in microbiology},
  volume={6},
  pages={135},
  year={2015},
  publisher={Frontiers}
}

@article{edgeR,
  title={edgeR: a Bioconductor package for differential expression analysis of digital gene expression data},
  author={Robinson, Mark D and McCarthy, Davis J and Smyth, Gordon K},
  journal={Bioinformatics},
  volume={26},
  number={1},
  pages={139--140},
  year={2010},
  publisher={Oxford University Press}
}

@article{schnoes2013biases,
  title={Biases in the experimental annotations of protein function and their effect on our understanding of protein function space},
  author={Schnoes, Alexandra M and Ream, David C and Thorman, Alexander W and Babbitt, Patricia C and Friedberg, Iddo},
  journal={PLoS computational biology},
  volume={9},
  number={5},
  pages={e1003063},
  year={2013},
  publisher={Public Library of Science}
}

@article{love2014moderated,
  title={Moderated estimation of fold change and dispersion for RNA-seq data with DESeq2},
  author={Love, Michael I and Huber, Wolfgang and Anders, Simon},
  journal={Genome biology},
  volume={15},
  number={12},
  pages={550},
  year={2014},
  publisher={BioMed Central}
}

@article{subramanian2005gene,
  title={Gene set enrichment analysis: a knowledge-based approach for interpreting genome-wide expression profiles},
  author={Subramanian, Aravind and Tamayo, Pablo and Mootha, Vamsi K and Mukherjee, Sayan and Ebert, Benjamin L and Gillette, Michael A and Paulovich, Amanda and Pomeroy, Scott L and Golub, Todd R and Lander, Eric S and others},
  journal={Proceedings of the National Academy of Sciences},
  volume={102},
  number={43},
  pages={15545--15550},
  year={2005},
  publisher={National Acad Sciences}
}
